% use electronic, misc or online for links
% book for entire books 
% article if in journal
% inproceedings if in conference

@article{Reniers_2020,
	doi = {10.1149/ma2020-013521mtgabs},
	year = 2020,
	month = 5,
	publisher = {The Electrochemical Society},
	volume = {{MA}2020-01},
	number = {3},
	pages = {521--521},
	author = {Jorn Maurits Reniers and David Alastair Howey},
	title = {The Effect of Pack Configuration on Degradation of Lithium-Ion Battery Packs},
	journal = {{ECS} Meeting Abstracts}
}

@misc{racing_lounge,
   author={MathWorks Student Competitions Team}, 
   title={MATLAB and Simulink Racing Lounge: Vehicle Modeling}, 
   year=2022,
   howpublished = "\url{https://it.mathworks.com/matlabcentral/fileexchange/63823-matlab-and-simulink-racing-lounge-vehicle-modeling}",
   note = "[Retrieved September 19, 2022.]"
}

@misc{mathworks:mapped_motor,
   author={MathWorks}, 
   title={Mapped Motor Simulink block}, 
   year=2022,
   howpublished = "\url{https://it.mathworks.com/help/autoblks/ref/mappedmotor.html}",
   note = "[Retrieved September 21, 2022.]"
}

@misc{wiki:regen_braking,
    author = "{Wikipedia contributors}",
    title = "Regenerative braking --- {Wikipedia}{,} The Free Encyclopedia",
    year = "2022",
    url = "https://en.wikipedia.org/wiki/Regenerative_braking",
    note = "[Online; accessed 20-September-2022]"
}

@misc{wiki:disc_brakes,
    author = "{Wikipedia contributors}",
    title = "Disc brake --- {Wikipedia}{,} The Free Encyclopedia",
    year = "2022",
    url = "https://en.wikipedia.org/wiki/Disc_brake",
    note = "[Online; accessed 20-September-2022]"
}

@inproceedings{regen_braking_limitations,
  author={Fajri, Poria and Heydari, Shoeib and Lotfi, Nima},
  booktitle={2017 IEEE 6th International Conference on Renewable Energy Research and Applications (ICRERA)}, 
  title={Optimum low speed control of regenerative braking for electric vehicles}, 
  year={2017},
  pages={875-879},
  doi={10.1109/ICRERA.2017.8191185}
}

@book{hayes_ev_book,
author = {Hayes, John G. and Goodarzi, G. Abas},
year = {2018},
title = {Electric Powertrain: energy systems, power electronics and drives for hybrid, electric and fuel cell vehicles},
publisher = {Wiley},
doi = {10.1002/9781119063681.ch5}
}

@online{machinedesign_braking,
  author = {Gonzalez, Carlos M.},
  title = {What’s the Difference Between Friction and Regenerative Car Brakes?},
  publisher = {Machine Design},
  year = 2016,
  month = 3,
  url = {https://www.machinedesign.com/mechanical-motion-systems/article/21831982/whats-the-difference-between-friction-and-regenerative-car-brakes},
  urldate = {2022-09-21}
}

@online{ev_reporter_powertrain,
  author = {EVreporter},
  title = {EV powertrain components},
  year = 2020,
  month = 1,
  url = {https://evreporter.com/ev-powertrain-components/},
  urldate = {2022-09-21}
}

@online{renault_motors,
  author = {Osmanbasic, Edis},
  title = {EV powertrain components},
  publisher = {Renault Group},
  year = 2021,
  month = 2,
  url = {https://www.renaultgroup.com/en/news-on-air/news/learn-all-you-need-to-know-about-the-motor-of-an-electric-car/},
  urldate = {2022-09-21}
}

@book{ehsani_ev_book,
    author = {Mehrdad Ehsani and Yimin Gao and Stefano Longo and Kambiz Ebrahimi},
	doi = {10.1201/9780429504884},
	year = 2018,
	month = 2,
	publisher = {{CRC} Press},
	title = {Modern Electric, Hybrid Electric, and Fuel Cell Vehicles, third edition}
}

@online{single_gear_ratio,
  author = {Sorokanich, Bob},
  title = {Why Don't Electric Cars Have Multi-Gear Transmissions?},
  publisher = {Road & Track},
  year = 2017,
  month = 8,
  url = {https://www.roadandtrack.com/new-cars/car-technology/a12019034/why-dont-electric-cars-have-multi-gear-transmissions/},
  urldate = {2022-09-21}
}

@article{ev_drivetrain_schematic,
title = {Efficiency comparison of electric vehicles powertrains with dual motor and single motor input},
journal = {Mechanism and Machine Theory},
volume = {128},
pages = {569-585},
year = {2018},
doi = {10.1016/j.mechmachtheory.2018.07.003},
author = {Jinglai Wu and Jiejunyi Liang and Jiageng Ruan and Nong Zhang and Paul D. Walker}
}

@online{gear_trains,
  author = {Erik Cheever},
  title = {Gears and Systems with both Rotation and Translation},
  publisher = {Swarthmore College},
  url = {https://lpsa.swarthmore.edu/Systems/MechRotating/RotMechSysGears.html#Gears},
  urldate = {2022-09-21}
}

@misc{mathworks:gearbox,
   author={MathWorks}, 
   title={Gearbox Simulink block}, 
   year=2022,
   howpublished = "\url{https://it.mathworks.com/help/autoblks/ref/gearbox.html}",
   note = "[Retrieved September 22, 2022.]"
}

@misc{mathworks:differential,
   author={MathWorks}, 
   title={Open Differential Simulink block}, 
   year=2022,
   howpublished = "\url{https://it.mathworks.com/help/autoblks/ref/opendifferential.html}",
   note = "[Retrieved September 22, 2022.]"
}

@misc{mathworks:torsional_compliance,
   author={MathWorks}, 
   title={Torsional Compliance Simulink block}, 
   year=2022,
   howpublished = "\url{https://it.mathworks.com/help/autoblks/ref/torsionalcompliance.html}",
   note = "[Retrieved September 22, 2022.]"
}

@inproceedings{magic_formula,
author={Bakker, Egbert and Nyborg, Lars and Pacejka, Hans B.},
title={Tyre Modelling for Use in Vehicle Dynamics Studies},
booktitle={SAE International Congress and Exposition},
publisher={SAE International},
month=2,
year=1987,
doi={10.4271/870421},
issn={0148-7191},
}

@misc{mathworks:wheel,
   author={MathWorks}, 
   title={Longitudinal Wheel}, 
   year=2022,
   howpublished = "\url{https://it.mathworks.com/help/autoblks/ref/longitudinalwheel.html}",
   note = "[Retrieved September 22, 2022.]"
}

@book{rolling_resistance,
  title     = "Tire and Vehicle Dynamics",
  author    = "Pacejka, Hans",
  publisher = "Butterworth-Heinemann",
  edition   =  3,
  month     =  4,
  year      =  2012
}

@misc{mathworks:body,
   author={MathWorks}, 
   title={Vehicle body 1DOF Longitudinal}, 
   year=2022,
   howpublished = "\url{https://it.mathworks.com/help/autoblks/ref/vehiclebody1doflongitudinal.html}",
   note = "[Retrieved September 24, 2022.]"
}

@misc{mathworks:battery,
   author={MathWorks}, 
   title={Generic battery model}, 
   year=2022,
   howpublished = "\url{https://it.mathworks.com/help/sps/powersys/ref/battery.html}",
   note = "[Retrieved September 26, 2022.]"
}

@article{battery_thermal_effects,
title = {Temperature effect and thermal impact in lithium-ion batteries: A review},
journal = {Progress in Natural Science: Materials International},
volume = {28},
number = {6},
pages = {653-666},
year = {2018},
issn = {1002-0071},
doi = {10.1016/j.pnsc.2018.11.002},
author = {Shuai Ma and Modi Jiang and Peng Tao and Chengyi Song and Jianbo Wu and Jun Wang and Tao Deng and Wen Shang}
}

@article{efc_vs_soh,
  author={Xu, Bolun and Oudalov, Alexandre and Ulbig, Andreas and Andersson, Göran and Kirschen, Daniel S.},
  journal={IEEE Transactions on Smart Grid}, 
  title={Modeling of Lithium-Ion Battery Degradation for Cell Life Assessment}, 
  year={2018},
  volume={9},
  number={2},
  pages={1131-1140},
  doi={10.1109/TSG.2016.2578950}
}

@article{ev_no_real_datasets,
title = {Method for evaluating the real-world driving energy consumptions of electric vehicles},
journal = {Energy},
volume = {141},
pages = {1955-1968},
year = {2017},
issn = {0360-5442},
doi = {https://doi.org/10.1016/j.energy.2017.11.134},
author = {Xinmei Yuan and Chuanpu Zhang and Guokai Hong and Xueqi Huang and Lili Li}
}

@incollection{motor_efficiency,
title = {5.2 Energy Conservation},
editor = {Ibrahim Dincer},
booktitle = {Comprehensive Energy Systems},
publisher = {Elsevier},
address = {Oxford},
pages = {45-90},
year = {2018},
isbn = {978-0-12-814925-6},
doi = {10.1016/B978-0-12-809597-3.00505-8},
author = {Yaşar Demirel}
}

@article{auxiliary_battery,
  doi = {10.1002/er.5700},
  year = {2020},
  month = 7,
  publisher = {Wiley},
  volume = {45},
  number = {1},
  pages = {501--520},
  author = {Ily{\`{e}}s Miri and Abbas Fotouhi and Nathan Ewin},
  title = {Electric vehicle energy consumption modelling and estimation{\textemdash}A case study},
  journal = {International Journal of Energy Research}
}

@online{vw_driving_modes,
  author = {Volkswagen},
  title = {Electric and hybrid driving modes},
  publisher = {Volkswagen},
  year = 2022,
  url = {https://www.volkswagen.co.uk/en/electric-and-hybrid/software-and-technology/driving-technology/electric-driving-modes.html},
  urldate = {2022-10-10}
}

@incollection{brake_blending,
title = {Chapter 8 - Brake-Blending Control of EVs},
editor = {Hui Zhang and Dongpu Cao and Haiping Du},
booktitle = {Modeling, Dynamics and Control of Electrified Vehicles},
publisher = {Woodhead Publishing},
pages = {275-308},
year = {2018},
isbn = {978-0-12-812786-5},
doi = {10.1016/B978-0-12-812786-5.00008-2},
author = {Chen Lv and Hong Wang and Dongpu Cao},
}

@online{motorSpdRPM-eup,
  author = {Ze Perfs},
  title = {Volkswagen e-up! (2017-2020) technical specifications and performance figures},
  publisher = {Ze Perfs},
  year = 2021,
  month = 1,
  day = 25,
  url = {https://zeperfs.com/it/fiche8711-vw-up-e-up.htm},
  urldate = {2022-10-10}
} 

@online{motorSpdRPM-egolf,
  author = {Ze Perfs},
  title = {Volkswagen e-Golf (2020) technical specifications and performance figures},
  publisher = {Ze Perfs},
  year = 2020,
  month = 8,
  day = 14,
  url = {https://zeperfs.com/en/fiche6939-vw-golf-vii-e-golf.htm},
  urldate = {2022-10-10}
}

@incollection{motorEff1,
title = {5.2 Energy Conservation},
editor = {Ibrahim Dincer},
booktitle = {Comprehensive Energy Systems},
publisher = {Elsevier},
address = {Oxford},
pages = {45-90},
year = {2018},
isbn = {978-0-12-814925-6},
doi = {10.1016/B978-0-12-809597-3.00505-8},
author = {Yaşar Demirel}
}

@online{motorEff2,
  author = {EVTUN.COM},
  title = {Volkswagen e-Golf range extender and regenerative force improvement},
  publisher = {EVTUN.COM},
  url = {https://evtun.com/ev-chips-194/volkswagen-e-golf-range-extender.html},
  urldate = {2022-10-10}
}

@online{brkTrqMax,
  author = {Physics Forums},
  title = {How much (roughly) brake torque can be produced by a regular car},
  publisher = {Physics Forums},
  url = {https://www.physicsforums.com/threads/how-much-roughly-brake-torque-can-be-produced-by-a-regular-car.577591/},
  urldate = {2022-10-10}
}

@online{eup_tech_specs1,
  author = {Goonet Exchange},
  title = {VW e-up! technical specifications},
  publisher = {Goonet Exchange},
  url = {https://www.goo-net-exchange.com/catalog/VOLKSWAGEN__EUP/10093510/},
  urldate = {2022-10-10}
}

@online{eup_tech_specs2,
  author = {EVSpecifications},
  title = {2016 e-up! technical specifications},
  publisher = {EVSpecifications},
  url = {https://www.evspecifications.com/en/model/c0467a},
  urldate = {2022-10-10}
}

@online{eup_tech_specs3,
  author = {Volkswagen Newsroom},
  title = {up! four-door – up! exterior},
  publisher = {Volkswagen Newsroom},
  url = {https://www.volkswagen-newsroom.com/en/up-four-door-driving-presentation-3073/up-four-door-up-exterior-3092},
  urldate = {2022-10-10}
}

@online{eup_tech_specs4,
  author = {Tesla Bjørn Test Procedure},
  title = {VW e-up TBTP},
  publisher = {Tesla Bjørn Test Procedure},
  url = {https://tbtp-ev.github.io/vw-e-up.html},
  urldate = {2022-10-11}
}

@online{eup_tech_specs5,
  author = {Green Car Congress},
  title = {Volkswagen's first two production battery-electric vehicles debut at Frankfurt},
  publisher = {Green Car Congress},
  url = {https://www.greencarcongress.com/2013/09/20130911-vw.html},
  urldate = {2022-10-11}
}

@online{egolf_tech_specs1,
  author = {Volkswagen Newspress},
  title = {2017 e-Golf technical specifications},
  publisher = {Volkswagen Newspress},
  url = {https://newspress-vwusamedia.s3.amazonaws.com/documents%2Foriginal%2F6456-18417786758fdfc77c7df6.pdf},
  urldate = {2022-10-10}
}

@online{egolf_tech_specs2,
  author = {Tesla Bjørn Test Procedure},
  title = {VW e-Golf 36 kWh TBTP},
  publisher = {Tesla Bjørn Test Procedure},
  url = {https://tbtp-ev.github.io/vw-e-golf.html},
  urldate = {2022-10-11}
}

@online{egolf_tech_specs3,
  author = {Inside EVs},
  title = {The e-Golf Is Dead Soon: Long Live The VW Golf VIII GTE And The PHEV},
  publisher = {Inside EVs},
  url = {https://insideevs.com/news/378473/egolf-dead-golf-viii-phev/},
  urldate = {2022-10-10}
}

@article{gearEff,
title = {Method for evaluating the real-world driving energy consumptions of electric vehicles},
journal = {Energy},
volume = {141},
pages = {1955-1968},
year = {2017},
issn = {0360-5442},
doi = {10.1016/j.energy.2017.11.134},
author = {Xinmei Yuan and Chuanpu Zhang and Guokai Hong and Xueqi Huang and Lili Li}
}

@online{wheelRadius_calc,
  author = {Anthony Stark},
  title = {How to calculate wheel radius},
  publisher = {x-engineer},
  url = {https://x-engineer.org/calculate-wheel-radius/},
  urldate = {2022-10-10}
}

@online{CG_calc,
  author = {Dominik Czernia},
  title = {Car center of mass calculator},
  publisher = {Omnicalculator},
  url = {https://www.omnicalculator.com/physics/car-mass-center},
  urldate = {2022-10-11}
}

@INPROCEEDINGS{intRes,
  author={Davis, Kevin and Hayes, John G.},
  booktitle={2020 IEEE Energy Conversion Congress and Exposition (ECCE)}, 
  title={Comparison of Lithium-Ion Battery Pack Models Based on Test Data from Idaho and Argonne National Laboratories}, 
  year={2020},
  volume={},
  number={},
  pages={5626-5632},
  doi={10.1109/ECCE44975.2020.9236373}
}
  
@misc{mathworks:parameter_estimator,
   author={MathWorks}, 
   title={Parameter Estimation}, 
   year=2022,
   howpublished = "\url{https://it.mathworks.com/help/sldo/parameter-estimation.html}",
   note = "[Retrieved October 11, 2022.]"
}

@INPROCEEDINGS{r_eol,
  author={Zenati, Ali and Desprez, Philippe and Razik, Hubert and Rael, Stéphane},
  booktitle={2012 IEEE International Electric Vehicle Conference}, 
  title={A methodology to assess the State of Health of lithium-ion batteries based on the battery's parameters and a Fuzzy Logic System}, 
  year={2012},
  volume={},
  number={},
  pages={1-6},
  doi={10.1109/IEVC.2012.6183268}}
  
@Article{cap_eol,
AUTHOR = {Canals Casals, Lluc and Rodríguez, Marta and Corchero, Cristina and Carrillo, Rafael E.},
TITLE = {Evaluation of the End-of-Life of Electric Vehicle Batteries According to the State-of-Health},
JOURNAL = {World Electric Vehicle Journal},
VOLUME = {10},
YEAR = {2019},
NUMBER = {4},
ARTICLE-NUMBER = {63},
URL = {https://www.mdpi.com/2032-6653/10/4/63},
ISSN = {2032-6653},
DOI = {10.3390/wevj10040063}
}

@article{coulomb_counting,
title = {Enhanced coulomb counting method for estimating state-of-charge and state-of-health of lithium-ion batteries},
journal = {Applied Energy},
volume = {86},
number = {9},
pages = {1506-1511},
year = {2009},
issn = {0306-2619},
doi = {10.1016/j.apenergy.2008.11.021},
author = {Kong Soon Ng and Chin-Sien Moo and Yi-Ping Chen and Yao-Ching Hsieh}
}

@article{drive_cycles,
  title={A reference book of driving cycles for use in the measurement of road vehicle emissions},
  author={Tim Barlow and Stephen Latham and Ian S. McCrae and Paul Boulter},
  journal={TRL Published Project Report},
  year={2009}
}

@article{ts_feat_extr,
title = {A review of unsupervised feature learning and deep learning for time-series modeling},
journal = {Pattern Recognition Letters},
volume = {42},
pages = {11-24},
year = {2014},
issn = {0167-8655},
doi = {10.1016/j.patrec.2014.01.008},
author = {Martin Längkvist and Lars Karlsson and Amy Loutfi}
}

@Article{TSER,
author={Tan, Chang Wei and Bergmeir, Christoph and Petitjean, Fran{\c{c}}ois and Webb, Geoffrey I.},
title={Time series extrinsic regression},
journal={Data Mining and Knowledge Discovery},
year={2021},
month={5},
day={01},
volume={35},
number={3},
pages={1032-1060},
issn={1573-756X},
doi={10.1007/s10618-021-00745-9},
}

@MastersThesis{tesi_filippo,
author     =     {Filippo Boni},
title     =     {Lithium-ion Battery Diagnostics and
State of Health Estimation for Electric
Vehicles Applications},
school     =     {Politecnico di Torino},
year     =     {2021}
}

@article{manual_extr_soh_2,
title = {State of health forecasting of Lithium-ion batteries applicable in real-world operational conditions},
journal = {Journal of Energy Storage},
volume = {44},
pages = {103439},
year = {2021},
issn = {2352-152X},
doi = {10.1016/j.est.2021.103439},
author = {Friedrich {von Bülow} and Joshua Mentz and Tobias Meisen}
}

@article{manual_extr_soh_3,
title = {A novel data-driven method for predicting the circulating capacity of lithium-ion battery under random variable current},
journal = {Energy},
volume = {218},
pages = {119530},
year = {2021},
issn = {0360-5442},
doi = {10.1016/j.energy.2020.119530},
author = {Tingting Xu and Zhen Peng and Lifeng Wu}
}

@article{manual_extr_soh_4,
title = {A novel multistage Support Vector Machine based approach for Li ion battery remaining useful life estimation},
journal = {Applied Energy},
volume = {159},
pages = {285-297},
year = {2015},
issn = {0306-2619},
doi = {10.1016/j.apenergy.2015.08.119},
author = {Meru A. Patil and Piyush Tagade and Krishnan S. Hariharan and Subramanya M. Kolake and Taewon Song and Taejung Yeo and Seokgwang Doo}
}

@INPROCEEDINGS{manual_extr_soh_5,
  author={Bonfitto, Angelo and Ezemobi, Ethelbert and Amati, Nicola and Feraco, Stefano and Tonoli, Andrea and Hegde, Shailesh},
  booktitle={2019 AEIT International Conference of Electrical and Electronic Technologies for Automotive (AEIT AUTOMOTIVE)}, 
  title={State of Health Estimation of Lithium Batteries for Automotive Applications with Artificial Neural Networks}, 
  year={2019},
  volume={},
  number={},
  pages={1-5},
  doi={10.23919/EETA.2019.8804567}
}

@ARTICLE{manual_extr_soh_6,
  author={Wu, Yitao and Xue, Qiao and Shen, Jiangwei and Lei, Zhenzhen and Chen, Zheng and Liu, Yonggang},
  journal={IEEE Access}, 
  title={State of Health Estimation for Lithium-Ion Batteries Based on Healthy Features and Long Short-Term Memory}, 
  year={2020},
  volume={8},
  number={},
  pages={28533-28547},
  doi={10.1109/ACCESS.2020.2972344}
}

@article{manual_extr_soh_7,
title = {Intelligent state of health estimation for lithium-ion battery pack based on big data analysis},
journal = {Journal of Energy Storage},
volume = {32},
pages = {101836},
year = {2020},
issn = {2352-152X},
doi = {10.1016/j.est.2020.101836},
author = {Lingjun Song and Keyao Zhang and Tongyi Liang and Xuebing Han and Yingjie Zhang}
}

@article{manual_extr_soh_8,
title = {On-board state of health estimation of LiFePO4 battery pack through differential voltage analysis},
journal = {Applied Energy},
volume = {168},
pages = {465-472},
year = {2016},
issn = {0306-2619},
doi = {10.1016/j.apenergy.2016.01.125},
author = {Limei Wang and Chaofeng Pan and Liang Liu and Yong Cheng and Xiuliang Zhao}
}

@article{manual_extr_soh_9,
title = {Real-time state-of-health estimation for electric vehicle batteries: A data-driven approach},
journal = {Applied Energy},
volume = {176},
pages = {92-103},
year = {2016},
issn = {0306-2619},
doi = {10.1016/j.apenergy.2016.05.051},
author = {Gae-won You and Sangdo Park and Dukjin Oh}
}

@article{manual_extr_soh_10,
title = {A fast estimation algorithm for lithium-ion battery state of health},
journal = {Journal of Power Sources},
volume = {396},
pages = {453-458},
year = {2018},
issn = {0378-7753},
doi = {https://doi.org/10.1016/j.jpowsour.2018.06.036},
author = {Xiaopeng Tang and Changfu Zou and Ke Yao and Guohua Chen and Boyang Liu and Zhenwei He and Furong Gao}
}

@article{manual_extr_soh_11,
title = {On-board state of health monitoring of lithium-ion batteries using incremental capacity analysis with support vector regression},
journal = {Journal of Power Sources},
volume = {235},
pages = {36-44},
year = {2013},
issn = {0378-7753},
doi = {10.1016/j.jpowsour.2013.02.012},
author = {Caihao Weng and Yujia Cui and Jing Sun and Huei Peng}
}

@MastersThesis{manual_extr_soh_12,
author     =     {Alberto Barragán Moreno},
title     =     {Machine Learning-based Online State-of-Health Estimation of Electric Vehicle Batteries},
school     =     {Aalborg University},
address     =     {Denmark},
year     =     {2021}
}

@Article{manual_extr_soh_13,
author={Roman, Darius and Saxena, Saurabh and Robu, Valentin and Pecht, Michael and Flynn, David},
title={Machine learning pipeline for battery state-of-health estimation},
journal={Nature Machine Intelligence},
year={2021},
month={5},
day={01},
volume={3},
number={5},
pages={447-456},
issn={2522-5839},
doi={10.1038/s42256-021-00312-3},
}

@article{auto_extr_soh_1,
title = {Deep convolutional neural networks with ensemble learning and transfer learning for capacity estimation of lithium-ion batteries},
journal = {Applied Energy},
volume = {260},
pages = {114296},
year = {2020},
issn = {0306-2619},
doi = {10.1016/j.apenergy.2019.114296},
author = {Sheng Shen and Mohammadkazem Sadoughi and Meng Li and Zhengdao Wang and Chao Hu}
}

@article{auto_extr_soh_2,
title={A Convolutional Neural Network Approach for Estimation of Li-Ion Battery State of Health from Charge Profiles},
volume={15},
ISSN={1996-1073},
DOI={10.3390/en15031185},
number={3},
journal={Energies},
publisher={MDPI AG},
author={Chemali, Ephrem and Kollmeyer, Phillip J. and Preindl, Matthias and Fahmy, Youssef and Emadi, Ali},
year={2022},
month={2},
pages={1185}
}

@article{auto_extr_soh_3,
title = {Estimation of Li-ion Battery State of Health based on Multilayer Perceptron: as an EV Application},
journal = {IFAC-PapersOnLine},
volume = {51},
number = {28},
pages = {392-397},
year = {2018},
note = {10th IFAC Symposium on Control of Power and Energy Systems CPES 2018},
issn = {2405-8963},
doi = {10.1016/j.ifacol.2018.11.734},
author = {Jungsoo Kim and Jungwook Yu and Minho Kim and Kwangrae Kim and Soohee Han}
}

@article{auto_extr_soh_4,
title = {A novel deep learning framework for state of health estimation of lithium-ion battery},
journal = {Journal of Energy Storage},
volume = {32},
pages = {101741},
year = {2020},
issn = {2352-152X},
doi = {10.1016/j.est.2020.101741},
author = {Yaxiang Fan and Fei Xiao and Chaoran Li and Guorun Yang and Xin Tang}
}

@INPROCEEDINGS{auto_extr_soh_5,
  author={Li, Yang and Tao, Jili},
  booktitle={2020 Chinese Control And Decision Conference (CCDC)}, 
  title={CNN and transfer learning based online SOH estimation for lithium-ion battery}, 
  year={2020},
  volume={},
  number={},
  pages={5489-5494},
  doi={10.1109/CCDC49329.2020.9164208}
}

@misc{conv_fig,
 author = {Raza, Ali},
 year = 2019,
 month = 7,
 day = 8,
 title = {Type of convolutions: Deformable and Transformable Convolution},
 url = {https://towardsdatascience.com/type-of-convolutions-deformable-and-transformable-convolution-1f660571eb91},
 urldate = {2022-10-24},
 howpublished = {Towards Data Science},
}

@book{dl_book,
    title={Deep Learning},
    author={Ian Goodfellow and Yoshua Bengio and Aaron Courville},
    publisher={MIT Press},
    note={\url{http://www.deeplearningbook.org}},
    year={2016}
}

@misc{conv_variants_fig,
  doi = {10.48550/ARXIV.1603.07285},
  author = {Dumoulin, Vincent and Visin, Francesco},
  title = {A guide to convolution arithmetic for deep learning},
  publisher = {arXiv},
  year = {2016}
}

@article{rocket,
	doi = {10.1007/s10618-020-00701-z},
	year = 2020,
	month = {6},
	publisher = {Springer Science and Business Media {LLC}},
	volume = {34},
	number = {5},
	pages = {1454--1495},
	author = {Angus Dempster and Fran{\c{c}}ois Petitjean and Geoffrey I. Webb},
	title = {{ROCKET}: exceptionally fast and accurate time series classification using random convolutional kernels},
	journal = {Data Mining and Knowledge Discovery}
}

@inproceedings{minirocket,
	doi = {10.1145/3447548.3467231},
	year = 2021,
	month = {8},
	publisher = {{ACM}},
	author = {Angus Dempster and Daniel F. Schmidt and Geoffrey I. Webb},
	title = {{MiniRocket}: A Very Fast (Almost) Deterministic Transform for Time Series Classification},
	booktitle = {Proceedings of the 27th {ACM} {SIGKDD} Conference on Knowledge Discovery \& Data Mining}
}

@misc{loguniform,
    author = "{Wikipedia contributors}",
    title = "Reciprocal distribution --- {Wikipedia}{,} The Free Encyclopedia",
    year = "2022",
    howpublished = "\url{https://en.wikipedia.org/w/index.php?title=Reciprocal_distribution&oldid=1097983132}",
    note = "[Online; accessed 28-October-2022]"
  }

@misc{pca,
  doi = {10.48550/ARXIV.1404.1100},
  author = {Shlens, Jonathon},
  title = {A Tutorial on Principal Component Analysis},
  publisher = {arXiv},
  year = {2014}
}

@article{dim_red,
  author = {van der Maaten, Laurens and Postma, Eric and van den Herik, Jaap},
  biburl = {https://www.bibsonomy.org/bibtex/2ed03568f0e9bca9cdaf6b25304e55940/peter.ralph},
  journal = {J Mach Learn Res},
  pages = {66-71},
  title = {Dimensionality reduction: a comparative review},
  volume = 10,
  year = 2009
}

@online{pca_img,
  author = {Amir Ali},
  title = {Dimensionality Reduction (PCA and LDA) with Practical Implementation},
  publisher = {Medium},
  day = {10},
  month = {3},
  year = {2019},
  url = {https://medium.com/machine-learning-researcher/dimensionality-reduction-pca-and-lda-6be91734f567},
  urldate = {2022-11-03}
}

@book{hastie,
  address = {New York, NY, USA},
  author = {Hastie, Trevor and Tibshirani, Robert and Friedman, Jerome},
  publisher = {Springer New York Inc.},
  series = {Springer Series in Statistics},
  title = {The Elements of Statistical Learning},
  year = 2001,
  doi = {10.1007/978-0-387-84858-7}
}

@article{robust_regr,
author = {Joseph W. McKean},
title = {{Robust Analysis of Linear Models}},
volume = {19},
journal = {Statistical Science},
number = {4},
publisher = {Institute of Mathematical Statistics},
pages = {562 -- 570},
year = {2004},
doi = {10.1214/088342304000000549}
}

@Inbook{theil,
author="Theil, Henri",
editor="Raj, Baldev
and Koerts, Johan",
title="A Rank-Invariant Method of Linear and Polynomial Regression Analysis",
bookTitle="Henri Theil's Contributions to Economics and Econometrics: Econometric Theory and Methodology",
year="1992",
publisher="Springer Netherlands",
address="Dordrecht",
pages="345--381",
isbn="978-94-011-2546-8",
doi="10.1007/978-94-011-2546-8_20"
}

@article{sen,
author = {Pranab Kumar Sen},
title = {Estimates of the Regression Coefficient Based on Kendall's Tau},
journal = {Journal of the American Statistical Association},
volume = {63},
number = {324},
pages = {1379-1389},
year  = {1968},
publisher = {Taylor & Francis},
doi = {10.1080/01621459.1968.10480934}
}

@inproceedings{multi_theil-sen,
  title={Theil-Sen Estimators in a Multiple Linear Regression Model},
  author={Xin Dang and Hanxiang Peng and Xueqin Wang and Heping Zhang},
  year={2009}
}

@article{unbiasedness_theil-sen,
author = {Xueqin Wang and Qiqing Yu},
title = {Unbiasedness of the Theil–Sen estimator},
journal = {Journal of Nonparametric Statistics},
volume = {17},
number = {6},
pages = {685-695},
year  = {2005},
publisher = {Taylor & Francis},
doi = {10.1080/10485250500039452}
}

@article{efficiency_theil-sen,
author = {Wilcox, Rand},
title = {A Note on the Theil-Sen Regression Estimator When the Regressor Is Random and the Error Term Is Heteroscedastic},
journal = {Biometrical Journal},
volume = {40},
number = {3},
pages = {261-268},
keywords = {Robust regression, M-estimators, Bootstrap},
doi = {10.1002/(SICI)1521-4036(199807)40:3<261::AID-BIMJ261>3.0.CO;2-V},
year = {1998}
}

@online{sklearn_theil-sen,
  author = {Scikit-learn docs},
  title = {\texttt{TheilSenRegressor}},
  url = {https://scikit-learn.org/stable/modules/generated/sklearn.linear_model.TheilSenRegressor.html},
  urldate = {2022-11-05}
}

@article{spatial_median,
 ISSN = {01621459},
 URL = {http://www.jstor.org/stable/2291681},
 author = {Probal Chaudhuri},
 journal = {Journal of the American Statistical Association},
 number = {434},
 pages = {862--872},
 publisher = {[American Statistical Association, Taylor & Francis, Ltd.]},
 title = {On a Geometric Notion of Quantiles for Multivariate Data},
 urldate = {2022-11-05},
 volume = {91},
 year = {1996}
}

@online{theil-sen_vs_ols,
  author = {Jason Brownlee},
  title = {Robust Regression for Machine Learning in Python},
  publisher = {Machine Learning Mastery},
  day = {5},
  month = {10},
  year = {2020},
  url = {https://machinelearningmastery.com/robust-regression-for-machine-learning-in-python/},
  urldate = {2022-11-05}
}

@article{ridge,
author = {Arthur E. Hoerl and Robert W. Kennard },
title = {Ridge Regression: Biased Estimation for Nonorthogonal Problems},
journal = {Technometrics},
volume = {12},
number = {1},
pages = {55-67},
year  = {1970},
publisher = {Taylor & Francis},
doi = {10.1080/00401706.1970.10488634}
}

@online{ridge_penalty,
  title = {Ridge regression},
  publisher = {Machine Learning Journey},
  day = {13},
  month = {02},
  year = {2020},
  url = {https://machinelearningjourney.com/index.php/2020/02/13/ridge-regression/},
  urldate = {2022-11-05}
}

@INPROCEEDINGS{random_forest,
  author={Tin Kam Ho},
  booktitle={Proceedings of 3rd International Conference on Document Analysis and Recognition}, 
  title={Random decision forests}, 
  year={1995},
  volume={1},
  pages={278-282 vol.1},
  doi={10.1109/ICDAR.1995.598994}
}

@online{regr_tree_img,
  title = {Ridge regression},
  author = {\textit{Trajan} (user)},
  publisher = {Cross Validated (Stack Exchange)},
  day = {2},
  month = {10},
  year = {2020},
  url = {https://stats.stackexchange.com/questions/490185/decision-tree-regression-and-splits},
  urldate = {2022-11-05}
}

@book{variance_reduction,
  title     = "Classification and Regression Trees (1st ed.)",
  author    = "Breiman, Leo",
  year      = 1984,
  publisher = "Routledge",
  doi = "10.1201/9781315139470"
}

@Article{bagging,
author={Breiman, Leo},
title={Bagging predictors},
journal={Machine Learning},
year={1996},
month={8},
day={01},
volume={24},
number={2},
pages={123-140},
issn={1573-0565},
doi={10.1007/BF00058655}
}

@ARTICLE{feature_bagging,
  author={Tin Kam Ho},
  journal={IEEE Transactions on Pattern Analysis and Machine Intelligence}, 
  title={The random subspace method for constructing decision forests}, 
  year={1998},
  volume={20},
  number={8},
  pages={832-844},
  doi={10.1109/34.709601}
}

@ARTICLE{random_forest_img,
  title    = "Electromyographic Patterns during Golf Swing: Activation Sequence Profiling and Prediction of Shot Effectiveness",
  author   = "Verikas, Antanas and Vaiciukynas, Evaldas and Gelzinis, Adas and Parker, James and Olsson, M Charlotte",
  journal  = "Sensors (Basel)",
  volume   =  16,
  number   =  4,
  month    =  4,
  year     =  2016,
}

@online{sklearn_random_forest,
  author = {Scikit-learn docs},
  title = {\texttt{RandomForestRegressor}},
  url = {https://scikit-learn.org/stable/modules/generated/sklearn.ensemble.RandomForestRegressor.html},
  urldate = {2022-11-05}
}

@online{cs231n:nn1,
  author = {CS231n: Convolutional Neural Networks for Visual Recognition},
  title = {Neural Networks 1},
  publisher = {Stanford University},
  url = {https://cs231n.github.io/neural-networks-1/},
  urldate = {2022-11-06}
}

@article{backprop,
  doi = {10.48550/ARXIV.1502.05767},
  author = {Baydin, Atilim Gunes and Pearlmutter, Barak A. and Radul, Alexey Andreyevich and Siskind, Jeffrey Mark},
  title = {Automatic differentiation in machine learning: a survey},
  publisher = {arXiv},
  year = {2015}
}

@misc{vanishing_gradient,
    author = "{Wikipedia contributors}",
    title = "Vanishing gradient problem --- {Wikipedia}{,} The Free Encyclopedia",
    year = "2022",
    howpublished = "\url{https://en.wikipedia.org/w/index.php?title=Vanishing_gradient_problem&oldid=1119053971}",
    note = "[Online; accessed 6-November-2022]"
}

@inproceedings{relu,
author = {Nair, Vinod and Hinton, Geoffrey E.},
title = {Rectified Linear Units Improve Restricted Boltzmann Machines},
year = {2010},
isbn = {9781605589077},
publisher = {Omnipress},
address = {Madison, WI, USA},
booktitle = {Proceedings of the 27th International Conference on International Conference on Machine Learning},
pages = {807–814},
numpages = {8},
location = {Haifa, Israel},
series = {ICML'10}
}

@misc{relu_and_initialization,
  doi = {10.48550/ARXIV.1502.01852},
  author = {He, Kaiming and Zhang, Xiangyu and Ren, Shaoqing and Sun, Jian},
  title = {Delving Deep into Rectifiers: Surpassing Human-Level Performance on ImageNet Classification},
  publisher = {arXiv},
  year = {2015}
}

@online{nn_standardization,
  author = {Timo St\"{o}ttner},
  title = {Why Data should be Normalized before Training a Neural Network},
  publisher = {Medium},
  day = {16},
  month = {5},
  year = {2019},
  url = {https://towardsdatascience.com/why-data-should-be-normalized-before-training-a-neural-network-c626b7f66c7d},
  urldate = {2022-11-07}
}

@article{metrics,
  doi = {10.28945/4184},
  year = {2019},
  publisher = {Informing Science Institute},
  volume = {14},
  pages = {045--076},
  author = {Alexei Botchkarev},
  title = {A New Typology Design of Performance Metrics to Measure Errors in Machine Learning Regression Algorithms},
  journal = {Interdisciplinary Journal of Information,  Knowledge,  and Management}
}

@online{lr_choice,
  author = {Jeremy Jordan},
  title = {Setting the learning rate of your neural network.},
  day = {1},
  month = {3},
  year = {2018},
  url = {https://www.jeremyjordan.me/nn-learning-rate/},
  urldate = {2022-11-07}
}

@online{lr_schedules,
  author = {jason Brownlee},
  title = {Using Learning Rate Schedules for Deep Learning Models in Python with Keras},
  publisher = {Machine Learning Mastery},
  day = {9},
  month = {6},
  year = {2022},
  url = {https://machinelearningmastery.com/using-learning-rate-schedules-deep-learning-models-python-keras/},
  urldate = {2022-11-07}
}

@InProceedings{sgd-m,
  title = 	 {On the importance of initialization and momentum in deep learning},
  author = 	 {Sutskever, Ilya and Martens, James and Dahl, George and Hinton, Geoffrey},
  booktitle = 	 {Proceedings of the 30th International Conference on Machine Learning},
  pages = 	 {1139--1147},
  year = 	 {2013},
  editor = 	 {Dasgupta, Sanjoy and McAllester, David},
  volume = 	 {28},
  number =   {3},
  series = 	 {Proceedings of Machine Learning Research},
  address =  {Atlanta, Georgia, USA},
  month = 	 {6},
  publisher =    {PMLR},
  url = 	 {https://proceedings.mlr.press/v28/sutskever13.html},
}

@misc{sgd,
  doi = {10.48550/ARXIV.1609.04747},
  author = {Ruder, Sebastian},
  title = {An overview of gradient descent optimization algorithms},
  publisher = {arXiv},
  year = {2016}
}

@article{gd,
  doi = {10.1090/qam/10667},
  year = {1944},
  publisher = {American Mathematical Society ({AMS})},
  volume = {2},
  number = {3},
  pages = {258--261},
  author = {Haskell B. Curry},
  title = {The method of steepest descent for non-linear minimization problems},
  journal = {Quarterly of Applied Mathematics}
}

@online{gd_images,
  author = {Andrew Ng},
  title = {Improving Deep Neural Networks: Hyperparameter Tuning, Regularization and Optimization},
  publisher = {Coursera},
  url = {https://www.coursera.org/learn/deep-neural-network},
  urldate = {2022-11-07}
}

@article{nelder_mead,
    author = {Nelder, J. A. and Mead, R.},
    title = "{A Simplex Method for Function Minimization}",
    journal = {The Computer Journal},
    volume = {7},
    number = {4},
    pages = {308-313},
    year = {1965},
    month = {1},
    issn = {0010-4620},
    doi = {10.1093/comjnl/7.4.308},
}

@online{nonconvex_function_img,
  author = {Ayoosh Kathuria},
  title = {Intro to optimization in deep learning: Gradient Descent},
  publisher = {Paperspace Blog},
  year = {2019},
  url = {https://blog.paperspace.com/intro-to-optimization-in-deep-learning-gradient-descent/},
  urldate = {2022-11-07}
}

@article{nelder_mead_implementation,
author = {Lagarias, Jeffrey C. and Reeds, James A. and Wright, Margaret H. and Wright, Paul E.},
title = {Convergence Properties of the Nelder--Mead Simplex Method in Low Dimensions},
journal = {SIAM Journal on Optimization},
volume = {9},
number = {1},
pages = {112-147},
year = {1998},
doi = {10.1137/S1052623496303470},
}

@misc{wiki:nelder_mead,
author = "{Wikipedia contributors}",
title = "Nelder–Mead method --- {Wikipedia}{,} The Free Encyclopedia",
year = "2022",
howpublished = "\url{https://en.wikipedia.org/w/index.php?title=Nelder\%E2\%80\%93Mead_method&oldid=1114246182}",
note = "[Online; accessed 7-November-2022]"
}

@article{survey1,
title = {A review on the state of health estimation methods of lead-acid batteries},
journal = {Journal of Power Sources},
volume = {517},
pages = {230710},
year = {2022},
issn = {0378-7753},
doi = {10.1016/j.jpowsour.2021.230710},
author = {Shida Jiang and Zhengxiang Song}
}

@article{survey2,
title = {A review on online state of charge and state of health estimation for lithium-ion batteries in electric vehicles},
journal = {Energy Reports},
volume = {7},
pages = {5141-5161},
year = {2021},
issn = {2352-4847},
doi = {10.1016/j.egyr.2021.08.113},
author = {Zuolu Wang and Guojin Feng and Dong Zhen and Fengshou Gu and Andrew Ball}
}

@article{survey3,
  doi = {10.3390/wevj11040066},
  year = {2020},
  month = 10,
  publisher = {{MDPI} {AG}},
  volume = {11},
  number = {4},
  pages = {66},
  author = {Nassim Noura and Loïc Boulon and Samir Jemeï},
  title = {A Review of Battery State of Health Estimation Methods: Hybrid Electric Vehicle Challenges},
  journal = {World Electric Vehicle Journal}
}

@article{survey4,
title={A Review of Lithium-Ion Battery State of Health Estimation and Prediction Methods},
volume={12},
ISSN={2032-6653},
DOI={10.3390/wevj12030113},
number={3},
journal={World Electric Vehicle Journal},
publisher={MDPI AG},
author={Yao, Lei and Xu, Shiming and Tang, Aihua and Zhou, Fang and Hou, Junjian and Xiao, Yanqiu and Fu, Zhijun},
year={2021},
month={8},
pages={113}
}

@article{survey5,
title = {Data-driven health estimation and lifetime prediction of lithium-ion batteries: A review},
journal = {Renewable and Sustainable Energy Reviews},
volume = {113},
pages = {109254},
year = {2019},
issn = {1364-0321},
doi = {10.1016/j.rser.2019.109254},
author = {Yi Li and Kailong Liu and Aoife M. Foley and Alana Zülke and Maitane Berecibar and Elise Nanini-Maury and Joeri {Van Mierlo} and Harry E. Hoster},
}

@article{overcharging,
doi = {10.1149/1945-7111/ab9569},
year = {2020},
month = {6},
publisher = {IOP Publishing},
volume = {167},
number = {9},
pages = {090547},
author = {Daniel Juarez-Robles and Anjul Arun Vyas and Conner Fear and Judith A. Jeevarajan and Partha P. Mukherjee},
title = {Overcharge and Aging Analytics of Li-Ion Cells},
journal = {Journal of The Electrochemical Society}
}

@INPROCEEDINGS{eis2,
  author={Lyu, Chao and Zhang, Tao and Luo, Weilin and Wei, Gang and Ma, Baozhao and Wang, Lixin},
  booktitle={2019 14th IEEE Conference on Industrial Electronics and Applications (ICIEA)}, 
  title={SOH Estimation of Lithium-ion Batteries Based on Fast Time Domain Impedance Spectroscopy}, 
  year={2019},
  pages={2142-2147},
  doi={10.1109/ICIEA.2019.8834119}
}

@article{eis3,
title = {A review of impedance measurements for determination of the state-of-charge or state-of-health of secondary batteries},
journal = {Journal of Power Sources},
volume = {70},
number = {1},
pages = {59-69},
year = {1998},
issn = {0378-7753},
doi = {10.1016/S0378-7753(97)02665-7},
author = {F. Huet}
}

@article{ica_dva1,
title = {Incremental capacity analysis and differential voltage analysis based state of charge and capacity estimation for lithium-ion batteries},
journal = {Energy},
volume = {150},
pages = {759-769},
year = {2018},
issn = {0360-5442},
doi = {10.1016/j.energy.2018.03.023},
author = {Linfeng Zheng and Jianguo Zhu and Dylan Dah-Chuan Lu and Guoxiu Wang and Tingting He}
}

@article{ica_dva2,
title = {State of health estimation for Li-Ion battery using incremental capacity analysis and Gaussian process regression},
journal = {Energy},
volume = {190},
pages = {116467},
year = {2020},
issn = {0360-5442},
doi = {10.1016/j.energy.2019.116467},
author = {Xiaoyu Li and Changgui Yuan and Xiaohui Li and Zhenpo Wang}
}

@article{ica_dva3,
title = {A mechanism identification model based state-of-health diagnosis of lithium-ion batteries for energy storage applications},
journal = {Journal of Cleaner Production},
volume = {193},
pages = {379-390},
year = {2018},
issn = {0959-6526},
doi = {10.1016/j.jclepro.2018.05.074},
author = {Zeyu Ma and Zhenpo Wang and Rui Xiong and Jiuchun Jiang}
}

@article{dva_img,
title = {A quick on-line state of health estimation method for Li-ion battery with incremental capacity curves processed by Gaussian filter},
journal = {Journal of Power Sources},
volume = {373},
pages = {40-53},
year = {2018},
issn = {0378-7753},
doi = {10.1016/j.jpowsour.2017.10.092},
author = {Yi Li and Mohamed Abdel-Monem and Rahul Gopalakrishnan and Maitane Berecibar and Elise Nanini-Maury and Noshin Omar and Peter {van den Bossche} and Joeri {Van Mierlo}},
}

@Article{ecm1,
AUTHOR = {Zhang, Ji’ang and Wang, Ping and Liu, Yushu and Cheng, Ze},
TITLE = {Variable-Order Equivalent Circuit Modeling and State of Charge Estimation of Lithium-Ion Battery Based on Electrochemical Impedance Spectroscopy},
JOURNAL = {Energies},
VOLUME = {14},
YEAR = {2021},
NUMBER = {3},
ARTICLE-NUMBER = {769},
ISSN = {1996-1073},
DOI = {10.3390/en14030769}
}

@INPROCEEDINGS{ecm2,
  author={Aung, Htet and Low, Kay-Soon and Soon, Jing Jun},
  booktitle={2015 IEEE 10th Conference on Industrial Electronics and Applications (ICIEA)}, 
  title={State-of-charge estimation using particle swarm optimization with inverse barrier constraint in a nanosatellite}, 
  year={2015},
  volume={},
  number={},
  pages={1-6},
  doi={10.1109/ICIEA.2015.7334074}
}

@ARTICLE{soh_charging1,
  author={Richardson, Robert R. and Birkl, Christoph R. and Osborne, Michael A. and Howey, David A.},
  journal={IEEE Transactions on Industrial Informatics}, 
  title={Gaussian Process Regression for In Situ Capacity Estimation of Lithium-Ion Batteries}, 
  year={2019},
  volume={15},
  number={1},
  pages={127-138},
  doi={10.1109/TII.2018.2794997}
}

@ARTICLE{soh_charging2,
  author={Feng, Xuning and Weng, Caihao and He, Xiangming and Han, Xuebing and Lu, Languang and Ren, Dongsheng and Ouyang, Minggao},
  journal={IEEE Transactions on Vehicular Technology}, 
  title={Online State-of-Health Estimation for Li-Ion Battery Using Partial Charging Segment Based on Support Vector Machine}, 
  year={2019},
  volume={68},
  number={9},
  pages={8583-8592},
  doi={10.1109/TVT.2019.2927120}
}

@ARTICLE{soh_charging3,
  author={Li, Yuanyuan and Zhong, Shouming and Zhong, Qishui and Shi, Kaibo},
  journal={IEEE Access}, 
  title={Lithium-Ion Battery State of Health Monitoring Based on Ensemble Learning}, 
  year={2019},
  volume={7},
  number={},
  pages={8754-8762},
  doi={10.1109/ACCESS.2019.2891063}
}

@article{soh_charging4,
title = {Data-driven method based on particle swarm optimization and k-nearest neighbor regression for estimating capacity of lithium-ion battery},
journal = {Applied Energy},
volume = {129},
pages = {49-55},
year = {2014},
issn = {0306-2619},
doi = {10.1016/j.apenergy.2014.04.077},
author = {Chao Hu and Gaurav Jain and Puqiang Zhang and Craig Schmidt and Parthasarathy Gomadam and Tom Gorka},
}

@article{soh_charging5,
author = {Kaur, Kirandeep and Garg, Akhil and Cui, Xujian and Singh, Surinder and Panigrahi, Bijaya Ketan},
title = {Deep learning networks for capacity estimation for monitoring SOH of Li-ion batteries for electric vehicles},
journal = {International Journal of Energy Research},
volume = {45},
number = {2},
pages = {3113-3128},
doi = {10.1002/er.6005},
year = {2021}
}

@article{soh_discharging1,
title = {A novel multistage Support Vector Machine based approach for Li ion battery remaining useful life estimation},
journal = {Applied Energy},
volume = {159},
pages = {285-297},
year = {2015},
issn = {0306-2619},
doi = {10.1016/j.apenergy.2015.08.119},
author = {Meru A. Patil and Piyush Tagade and Krishnan S. Hariharan and Subramanya M. Kolake and Taewon Song and Taejung Yeo and Seokgwang Doo}
}

@ARTICLE{discharge_unstable,
  author={You, Gae-Won and Park, Sangdo and Oh, Dukjin},
  journal={IEEE Transactions on Industrial Electronics}, 
  title={Diagnosis of Electric Vehicle Batteries Using Recurrent Neural Networks}, 
  year={2017},
  volume={64},
  number={6},
  pages={4885-4893},
  doi={10.1109/TIE.2017.2674593}
}

@article{bms_balancing2,
title = {Overview of batteries and battery management for electric vehicles},
journal = {Energy Reports},
volume = {8},
pages = {4058-4084},
year = {2022},
issn = {2352-4847},
doi = {10.1016/j.egyr.2022.03.016},
author = {Wei Liu and Tobias Placke and K.T. Chau},
}

@misc{oxford_dataset,
  publisher = {University of Oxford},
  title = {Oxford Battery Degradation Dataset 1},
  author = {Birkl, C},
}

@INPROCEEDINGS{filippo_boni_paper,
  author={Aliberti, Alessandro and Boni, Filippo and Perol, Alessandro and Zampolli, Marco and Jaboeuf, Rémi Jacques Philibert and Tosco, Paolo and Macii, Enrico and Patti, Edoardo},
  booktitle={2022 IEEE 46th Annual Computers, Software, and Applications Conference (COMPSAC)}, 
  title={Comparative Analysis of Neural Networks Techniques for Lithium-ion Battery SOH Estimation}, 
  year={2022},
  pages={1355-1361},
  doi={10.1109/COMPSAC54236.2022.00214}
}

@article{nasa_dataset_used1,
title = {Battery health prediction under generalized conditions using a Gaussian process transition model},
journal = {Journal of Energy Storage},
volume = {23},
pages = {320-328},
year = {2019},
issn = {2352-152X},
doi = {10.1016/j.est.2019.03.022},
author = {Robert R. Richardson and Michael A. Osborne and David A. Howey}
}

@article{nasa_dataset_used2,
title = {Application domain extension of incremental capacity-based battery SoH indicators},
journal = {Energy},
volume = {234},
pages = {121224},
year = {2021},
issn = {0360-5442},
doi = {10.1016/j.energy.2021.121224},
author = {Brian {Ospina Agudelo} and Walter Zamboni and Eric Monmasson}
}

@ARTICLE{oxford_dataset_used1,
  author={Liu, Wei and Xu, Yan and Feng, Xue},
  journal={IEEE Transactions on Vehicular Technology}, 
  title={A Hierarchical and Flexible Data-Driven Method for Online State-of-Health Estimation of Li-Ion Battery}, 
  year={2020},
  volume={69},
  number={12},
  pages={14739-14748},
  doi={10.1109/TVT.2020.3037088}
}

@ARTICLE{oxford_dataset_used2,
  author={She, Chengqi and Li, Yang and Zou, Changfu and Wik, Torsten and Wang, Zhenpo and Sun, Fengchun},
  journal={IEEE Transactions on Transportation Electrification}, 
  title={Offline and Online Blended Machine Learning for Lithium-Ion Battery Health State Estimation}, 
  year={2022},
  volume={8},
  number={2},
  pages={1604-1618},
  doi={10.1109/TTE.2021.3129479}
}

@article{oxford_dataset_used3,
title = {A fast state-of-health estimation method using single linear feature for lithium-ion batteries},
journal = {Energy},
volume = {256},
pages = {124652},
year = {2022},
issn = {0360-5442},
doi = {10.1016/j.energy.2022.124652},
author = {Mingjie Shi and Jun Xu and Chuanping Lin and Xuesong Mei},
}

@misc{nasa_dataset,
  author       = "B. Saha and K. Goebel",
  title        = "Battery Data Set",
  howpublished = {\url{https://www.nasa.gov/content/prognostics-center-of-excellence-data-set-repository}},
  year         = "2007",
  note = {NASA Prognostics Data Repository, NASA Ames Research Center, Moffett Field, CA}
}

@INPROCEEDINGS{soh_rnn,
  author={Raman, Manali and Champa, V. and Prema, V.},
  booktitle={2021 IEEE International Conference on Electronics, Computing and Communication Technologies (CONECCT)}, 
  title={State of Health Estimation of Lithium Ion Batteries using Recurrent Neural Network and its Variants}, 
  year={2021},
  pages={1-6},
  doi={10.1109/CONECCT52877.2021.9622557}
}

@article{soh_lstm,
title = {State-of-health estimation and remaining useful life prediction for the lithium-ion battery based on a variant long short term memory neural network},
journal = {Journal of Power Sources},
volume = {459},
pages = {228069},
year = {2020},
issn = {0378-7753},
doi = {10.1016/j.jpowsour.2020.228069},
author = {Penghua Li and Zijian Zhang and Qingyu Xiong and Baocang Ding and Jie Hou and Dechao Luo and Yujun Rong and Shuaiyong Li}
}

@article{soh_gru,
author = {Ungurean, Lucian and Micea, Mihai V. and Cârstoiu, Gabriel},
title = {Online state of health prediction method for lithium-ion batteries, based on gated recurrent unit neural networks},
journal = {International Journal of Energy Research},
volume = {44},
number = {8},
pages = {6767-6777},
doi = {10.1002/er.5413},
year = {2020}
}

@Article{soh_indrnn,
AUTHOR = {Venugopal, Prakash and T., Vigneswaran},
TITLE = {State-of-Health Estimation of Li-ion Batteries in Electric Vehicle Using IndRNN under Variable Load Condition},
JOURNAL = {Energies},
VOLUME = {12},
YEAR = {2019},
NUMBER = {22},
ARTICLE-NUMBER = {4338},
ISSN = {1996-1073},
DOI = {10.3390/en12224338}
}

@article{soh_svr,
title = {State of health estimation of lithium-ion battery based on improved ant lion optimization and support vector regression},
journal = {Journal of Energy Storage},
volume = {50},
pages = {104215},
year = {2022},
issn = {2352-152X},
doi = {10.1016/j.est.2022.104215},
author = {Qianglong Li and Dezhi Li and Kun Zhao and Licheng Wang and Kai Wang},
}

@article{soh_ridge,
author = {Bixiong Huang and Haiyu Liao and Yiquan Wang and Xintian Liu and Xiao Yan},
title ={Prediction and evaluation of health state for power battery based on Ridge linear regression model},
journal = {Science Progress},
volume = {104},
number = {4},
pages = {00368504211059047},
year = {2021},
doi = {10.1177/00368504211059047},
}

@Article{soh_nn1,
AUTHOR = {Lee, Jong-Hyun and Lee, In-Soo},
TITLE = {Estimation of Online State of Charge and State of Health Based on Neural Network Model Banks Using Lithium Batteries},
JOURNAL = {Sensors},
VOLUME = {22},
YEAR = {2022},
NUMBER = {15},
ARTICLE-NUMBER = {5536},
PubMedID = {35898040},
ISSN = {1424-8220},
DOI = {10.3390/s22155536}
}

@article{soh_nn2,
title = {A Neural Network Based State-of-Health Estimation of Lithium-ion Battery in Electric Vehicles},
journal = {Energy Procedia},
volume = {105},
pages = {2059-2064},
year = {2017},
note = {8th International Conference on Applied Energy, ICAE2016, 8-11 October 2016, Beijing, China},
issn = {1876-6102},
doi = {10.1016/j.egypro.2017.03.583},
author = {Duo Yang and Yujie Wang and Rui Pan and Ruiyang Chen and Zonghai Chen}
}

@article{soh_nn3,
author = {Russo, Alfonso and Fiore, Andrea and Aprea, Marco},
year = {2019},
month = {09},
title = {Predicting battery health capacity through machine learning techniques: SVR, Random Forest and Fully-connected network}
}

@Article{soh_digital_twin,
AUTHOR = {Merkle, Lukas and Pöthig, Michael and Schmid, Florian},
TITLE = {Estimate e-Golf Battery State Using Diagnostic Data and a Digital Twin},
JOURNAL = {Batteries},
VOLUME = {7},
YEAR = {2021},
NUMBER = {1},
ARTICLE-NUMBER = {15},
URL = {https://www.mdpi.com/2313-0105/7/1/15},
ISSN = {2313-0105},
DOI = {10.3390/batteries7010015}
}

@INPROCEEDINGS{ev_simulink_model1,
  author={Attia, Oussama and Khalil, Makram and Ben Salah, Chokri},
  booktitle={2022 IEEE 9th International Conference on Sciences of Electronics, Technologies of Information and Telecommunications (SETIT)}, 
  title={Modeling, simulation and analysis of BEV and FCEV using Matlab/Simulink}, 
  year={2022},
  pages={212-217},
  doi={10.1109/SETIT54465.2022.9875536}
}

@Article{ev_simulink_model2,
AUTHOR = {Adegbohun, Feyijimi and von Jouanne, Annette and Phillips, Ben and Agamloh, Emmanuel and Yokochi, Alex},
TITLE = {High Performance Electric Vehicle Powertrain Modeling, Simulation and Validation},
JOURNAL = {Energies},
VOLUME = {14},
YEAR = {2021},
NUMBER = {5},
ARTICLE-NUMBER = {1493},
URL = {https://www.mdpi.com/1996-1073/14/5/1493},
ISSN = {1996-1073},
DOI = {10.3390/en14051493}
}

@inproceedings{ev_simulink_model3,
  doi = {10.4271/2015-01-1708},
  year = {2015},
  month = {4},
  publisher = {{SAE} International},
  author = {Tibor Kiss and Jason Lustbader and Daniel Leighton},
  title = {Modeling of an Electric Vehicle Thermal Management System in {MATLAB}/Simulink},
  booktitle = {{SAE} Technical Paper Series}
}

@INPROCEEDINGS{ev_simulink_model4,
  author={Abulifa, A. A. and Ahmad, R. K. Raja and Soh, A. Che and Radzi, M. A. M. and Hassan, M. K.},
  booktitle={2017 IEEE 15th Student Conference on Research and Development (SCOReD)}, 
  title={Modelling and simulation of battery electric vehicle by using MATLAB-Simulink}, 
  year={2017},
  pages={383-387},
  doi={10.1109/SCORED.2017.8305360}
}

@misc{ev_simulink_model5,
   author={MathWorks}, 
   title={Mapped Motor Simulink block}, 
   year=2022,
   howpublished = "\url{https://it.mathworks.com/help/autoblks/ug/electric-vehicle-reference-application.html}",
   note = "[Retrieved November 11, 2022.]"
}

@online{iea_emissions,
  author = {International Energy Agency (IEA)},
  title = {Greenhouse Gas Emissions from Energy Data Explorer},
  day = {10},
  month = {11},
  year = {2022},
  url = {https://www.iea.org/data-and-statistics/data-tools/greenhouse-gas-emissions-from-energy-data-explorer},
  urldate = {2022-11-11}
}

@online{iea_transport_emissions,
  author = {International Energy Agency (IEA)},
  title = {Transport sector CO2 emissions by mode in the Sustainable Development Scenario},
  day = {26},
  month = {10},
  year = {2022},
  url = {https://www.iea.org/data-and-statistics/charts/transport-sector-co2-emissions-by-mode-in-the-sustainable-development-scenario-2000-2030},
  urldate = {2022-11-11}
}

@online{iea_net_zero,
  author = {International Energy Agency (IEA)},
  title = {Net Zero by 2050},
  month = {5},
  year = {2022},
  url = {https://www.iea.org/reports/net-zero-by-2050},
  urldate = {2022-11-11}
}

@online{eea_report,
  author = {European Environment Agency (EEA)},
  title = {Transport and environment report 2021 -- Decarbonising road transport — the role of vehicles, fuels and transport demand},
  month = {02},
  year = {2022},
  url = {https://www.eea.europa.eu/publications/transport-and-environment-report-2021},
  urldate = {2022-11-11}
}

@article{li-ion_data_where,
title = {Lithium-ion battery data and where to find it},
journal = {Energy and AI},
volume = {5},
pages = {100081},
year = {2021},
issn = {2666-5468},
doi = {10.1016/j.egyai.2021.100081},
author = {Gonçalo {dos Reis} and Calum Strange and Mohit Yadav and Shawn Li}
}

@article{battery_research,
author = {Fichtner, Maximilian},
title = {Recent Research and Progress in Batteries for Electric Vehicles},
journal = {Batteries \& Supercaps},
volume = {5},
number = {2},
pages = {e202100224},
doi = {10.1002/batt.202100224},
year = {2022}
}

@article{heavy_bulky_expensive,
title = {Design of a lithium-ion battery pack for PHEV using a hybrid optimization method},
journal = {Applied Energy},
volume = {115},
pages = {591-602},
year = {2014},
issn = {0306-2619},
doi = {10.1016/j.apenergy.2013.10.044},
author = {Nansi Xue and Wenbo Du and Thomas A. Greszler and Wei Shyy and Joaquim R.R.A. Martins}
}

@article{li-ion_battery_properties,
title = {Integration issues of lithium-ion battery into electric vehicles battery pack},
journal = {Journal of Cleaner Production},
volume = {113},
pages = {1032-1045},
year = {2016},
issn = {0959-6526},
doi = {10.1016/j.jclepro.2015.11.011},
author = {Lip Huat Saw and Yonghuang Ye and Andrew A.O. Tay}
}

@Article{li-ion_plummeting_costs,
author ="Ziegler, Micah S. and Trancik, Jessika E.",
title  ="Re-examining rates of lithium-ion battery technology improvement and cost decline",
journal  ="Energy Environ. Sci.",
year  ="2021",
volume  ="14",
issue  ="4",
pages  ="1635-1651",
publisher  ="The Royal Society of Chemistry",
doi  ="10.1039/D0EE02681F"
}

@Article{bms,
AUTHOR = {Gabbar, Hossam A. and Othman, Ahmed M. and Abdussami, Muhammad R.},
TITLE = {Review of Battery Management Systems (BMS) Development and Industrial Standards},
JOURNAL = {Technologies},
VOLUME = {9},
YEAR = {2021},
NUMBER = {2},
ARTICLE-NUMBER = {28},
ISSN = {2227-7080},
DOI = {10.3390/technologies9020028}
}

@online{porsche_taycan,
  title = {Batterie des Porsche Taycan},
  publisher = {Porsche Presse},
  year = {2022},
  url = {https://presse.porsche.de/prod/presse_pag/PressResources.nsf/Content?ReadForm&languageversionid=878434},
  urldate = {2022-11-12}
}

@misc{cell2module2battery,
  author       = {Achim Kampker and
                  Heiner H. Heimes and
                  Mathias Ordung and
                  Christoph Lienemann and
                  Ansgar Hollah and
                  Nemanja Sarovic},
  title        = {{Evaluation of a Remanufacturing for Lithium Ion 
                   Batteries from Electric Cars}},
  month        = {11},
  year         = {2016},
  publisher    = {Zenodo},
  version      = {10006102},
  doi          = {10.5281/zenodo.1128215}
}

@Inbook{li-ion_chemistries,
author="van Schalkwijk, Walter A. and Scrosati, Bruno",
title="Advances in Lithium Ion Batteries Introduction",
bookTitle="Advances in Lithium-Ion Batteries",
year="2002",
publisher="Springer US",
address="Boston, MA",
pages="1--5",
isbn="978-0-306-47508-5",
doi="10.1007/0-306-47508-1_1"
}

@article{anode_material,
title = {Review on recent progress of nanostructured anode materials for Li-ion batteries},
journal = {Journal of Power Sources},
volume = {257},
pages = {421-443},
year = {2014},
issn = {0378-7753},
doi = {10.1016/j.jpowsour.2013.11.103},
author = {Subrahmanyam Goriparti and Ermanno Miele and Francesco {De Angelis} and Enzo {Di Fabrizio} and Remo {Proietti Zaccaria} and Claudio Capiglia},
}

@misc{nature_li-ion,
title={Electric cars and batteries: How will the world produce enough?},
howpublished={\url{https://www.nature.com/articles/d41586-021-02222-1}},
journal={Nature News},
publisher={Nature Publishing Group},
author={Castelvecchi, Davide},
year={2021},
month={8},
day={17},
note = "(visited on Nov. 12, 2022)"
}

@ARTICLE{solid_electrolyte,
AUTHOR={Cao, Can and Li, Zhuo-Bin and Wang, Xiao-Liang and Zhao, Xin-Bing and Han, Wei-Qiang},
TITLE={Recent Advances in Inorganic Solid Electrolytes for Lithium Batteries},
JOURNAL={Frontiers in Energy Research},
VOLUME={2},
YEAR={2014},
DOI={10.3389/fenrg.2014.00025},
ISSN={2296-598X}
}

@article{peukert,
title = {A critical review of using the Peukert equation for determining the remaining capacity of lead-acid and lithium-ion batteries},
journal = {Journal of Power Sources},
volume = {155},
number = {2},
pages = {395-400},
year = {2006},
issn = {0378-7753},
doi = {10.1016/j.jpowsour.2005.04.030},
author = {Dennis Doerffel and Suleiman Abu Sharkh}
}

@ARTICLE{C_depends_on_T,
  title    = "Effect of Temperature on the Aging rate of Li Ion Battery Operating above Room Temperature",
  author   = "Leng, Feng and Tan, Cher Ming and Pecht, Michael",
  journal  = "Sci Rep",
  volume   =  5,
  pages    = "12967",
  month    =  8,
  year     =  2015
}

@misc{c-rate,
title={A Guide to Understanding Battery Specifications},
howpublished={\url{http://web.mit.edu/evt/summary_battery_specifications.pdf}},
publisher={MIT Electric Vehicle Team},
year={2008},
month={12},
note = "(visited on Nov. 12, 2022)"
}

@misc{battery_glossary,
title={A Glossary of Battery Terms},
howpublished={\url{https://www.batteryspace.com/BatteryGlossary.aspx}},
publisher={AA Portable Power Corp},
note = "(visited on Nov. 12, 2022)"
}

@Article{capacity_fading,
author ="Edge, Jacqueline S. and O’Kane, Simon and Prosser, Ryan and Kirkaldy, Niall D. and Patel, Anisha N. and Hales, Alastair and Ghosh, Abir and Ai, Weilong and Chen, Jingyi and Yang, Jiang and Li, Shen and Pang, Mei-Chin and Bravo Diaz, Laura and Tomaszewska, Anna and Marzook, M. Waseem and Radhakrishnan, Karthik N. and Wang, Huizhi and Patel, Yatish and Wu, Billy and Offer, Gregory J.",
title  ="Lithium ion battery degradation: what you need to know",
journal  ="Phys. Chem. Chem. Phys.",
year  ="2021",
volume  ="23",
issue  ="14",
pages  ="8200-8221",
publisher  ="The Royal Society of Chemistry",
doi  ="10.1039/D1CP00359C"
}

@article{soh_after_eol,
doi = {10.1109/tii.2021.3106593},
year = 2022,
month = {5},
publisher = {Institute of Electrical and Electronics Engineers ({IEEE})},
volume = {18},
number = {5},
pages = {2965--2973},
author = {Samuel Greenbank and David Howey},
title = {Automated Feature Extraction and Selection for Data-Driven Models of Rapid Battery Capacity Fade and End of Life},
journal = {{IEEE} Transactions on Industrial Informatics}
}

@article{eol_def,
title = {Quantifying EV battery end-of-life through analysis of travel needs with vehicle powertrain models},
journal = {Journal of Power Sources},
volume = {282},
pages = {265-276},
year = {2015},
issn = {0378-7753},
doi = {10.1016/j.jpowsour.2015.01.072},
author = {Samveg Saxena and Caroline {Le Floch} and Jason MacDonald and Scott Moura}
}

@article{uneven_soh,
title = {A study of cell-to-cell variation of capacity in parallel-connected lithium-ion battery cells},
author = {Ziyou Song and Xiao-Guang Yang and Niankai Yang and Fanny Pinto Delgado and Heath Hofmann and Jing Suna},
journal = {eTransportation},
volume = {7},
pages = {100091},
year = {2021},
issn = {2590-1168},
doi = {10.1016/j.etran.2020.100091}
}

@INPROCEEDINGS{bms_balancing1,
  author={Daowd, Mohamed and Omar, Noshin and Van Den Bossche, Peter and Van Mierlo, Joeri},
  booktitle={2011 IEEE Vehicle Power and Propulsion Conference}, 
  title={Passive and active battery balancing comparison based on MATLAB simulation}, 
  year={2011},
  pages={1-7},
  doi={10.1109/VPPC.2011.6043010}
}

@article{da_ts,
  doi = {10.1371/journal.pone.0254841},
  year = {2021},
  month = {7},
  publisher = {Public Library of Science ({PLoS})},
  volume = {16},
  number = {7},
  pages = {e0254841},
  author = {Brian Kenji Iwana and Seiichi Uchida},
  editor = {Friedhelm Schwenker},
  title = {An empirical survey of data augmentation for time series classification with neural networks},
  journal = {{PLOS} {ONE}}
}

@Article{inceptiontime,
author={Ismail Fawaz, Hassan
and Lucas, Benjamin
and Forestier, Germain
and Pelletier, Charlotte
and Schmidt, Daniel F.
and Weber, Jonathan
and Webb, Geoffrey I.
and Idoumghar, Lhassane
and Muller, Pierre-Alain
and Petitjean, Fran{\c{c}}ois},
title={InceptionTime: Finding AlexNet for time series classification},
journal={Data Mining and Knowledge Discovery},
year={2020},
month={11},
day={01},
volume={34},
number={6},
pages={1936-1962},
issn={1573-756X},
doi={10.1007/s10618-020-00710-y}
}

@Article{transferlearning,
author={Weiss, Karl
and Khoshgoftaar, Taghi M.
and Wang, DingDing},
title={A survey of transfer learning},
journal={Journal of Big Data},
year={2016},
month={5},
day={28},
volume={3},
number={1},
pages={9},
issn={2196-1115},
doi={10.1186/s40537-016-0043-6}
}

@INPROCEEDINGS{efc,
  author={Berrueta, Alberto and Pascual, Julio and Martín, Idoia San and Sanchis, Pablo and Ursúa, Alfredo},
  booktitle={2018 IEEE International Conference on Environment and Electrical Engineering and 2018 IEEE Industrial and Commercial Power Systems Europe (EEEIC / I\&CPS Europe)}, 
  title={Influence of the Aging Model of Lithium-Ion Batteries on the Management of PV Self-Consumption Systems}, 
  year={2018},
  pages={1-5},
  doi={10.1109/EEEIC.2018.8493778}
}

@article{efc2,
doi = {10.1149/1945-7111/ac03f6},
year = {2021},
month = {6},
publisher = {IOP Publishing},
volume = {168},
number = {6},
pages = {060522},
author = {Markus Schindler and Johannes Sturm and Sebastian Ludwig and Axel Durdel and Andreas Jossen},
title = {Comprehensive Analysis of the Aging Behavior of Nickel-Rich, Silicon-Graphite Lithium-Ion Cells Subject to Varying Temperature and Charging Profiles},
journal = {Journal of The Electrochemical Society}
}

@article{r_eol_convention,
title={Reducing the Computational Cost for Artificial Intelligence-Based Battery State-of-Health Estimation in Charging Events},
volume={8},
ISSN={2313-0105},
DOI={10.3390/batteries8110209},
number={11},
journal={Batteries},
publisher={MDPI AG},
author={Falai, Alessandro and Giuliacci, Tiziano Alberto and Misul, Daniela Anna and Anselma, Pier Giuseppe}, year={2022},
month={11},
pages={209}
}
